<?xml version="1.0" encoding="UTF-8"?><collection xmlns="http://www.loc.gov/MARC21/slim"><record><leader>00591nam--2200205-i-4500</leader><controlfield tag="001">000047748</controlfield><controlfield tag="002">20161230</controlfield><controlfield tag="005">20161230201046</controlfield><controlfield tag="008">060222s1000------------r-----000-0-eng-d</controlfield><datafield ind1=" " ind2=" " tag="020"><subfield code="a">0471308196</subfield></datafield><datafield ind1=" " ind2=" " tag="040"><subfield code="a">IFIN-HH</subfield></datafield><datafield ind1=" " ind2=" " tag="080"><subfield code="a">535:681.14</subfield></datafield><datafield ind1="1" ind2=" " tag="100"><subfield code="a">Mori, Shunji</subfield></datafield><datafield ind1="1" ind2="0" tag="245"><subfield code="a">Optical character recognition</subfield><subfield code="c">Shunji mori; hirobumi nishida; hiromitsu yamada</subfield></datafield><datafield ind1=" " ind2=" " tag="260"><subfield code="a">TORONTO</subfield><subfield code="b">John Wiley &amp; Sons, Inc</subfield><subfield code="c">1999</subfield></datafield><datafield ind1=" " ind2=" " tag="300"><subfield code="a">536P</subfield></datafield><datafield ind1=" " ind2=" " tag="490"><subfield code="a">Wiley Series In Microwave And Optical Engineering</subfield></datafield><datafield ind1="1" ind2=" " tag="700"><subfield code="a">Yamada, Hiromitsu</subfield></datafield><datafield ind1=" " ind2=" " tag="852"><subfield code="a">81151</subfield><subfield code="c">535</subfield></datafield><datafield ind1=" " ind2=" " tag="CAT"><subfield code="a">Sys</subfield><subfield code="c">20101129</subfield><subfield code="h">152207</subfield></datafield></record></collection>